<record><leader>00000cas a22000007a 4500</leader><controlfield tag="001">9404202</controlfield><controlfield tag="008">830413d18601864mauwr ne      0    0eng d</controlfield><datafield ind1=" " ind2=" " tag="010"><subfield code="a">sn 83020554 </subfield></datafield><datafield ind1=" " ind2=" " tag="040"><subfield code="a">NPX</subfield><subfield code="b">eng</subfield><subfield code="c">NPX</subfield><subfield code="d">MGN</subfield><subfield code="d">OCLCQ</subfield></datafield><datafield ind1=" " ind2=" " tag="042"><subfield code="a">msc</subfield></datafield><datafield ind1=" " ind2=" " tag="043"><subfield code="a">n-us-ma</subfield></datafield><datafield ind1="0" ind2=" " tag="130"><subfield code="a">Marlboro journal (Marlborough, Mass. : 1860)</subfield></datafield><datafield ind1="1" ind2="4" tag="245"><subfield code="a">The Marlboro journal.</subfield></datafield><datafield ind1=" " ind2=" " tag="260"><subfield code="a">Marlboro, Mass. :</subfield><subfield code="b">[G.M. Joy &amp; Edwin Rice]</subfield></datafield><datafield ind1=" " ind2=" " tag="300"><subfield code="a">v. ;</subfield><subfield code="c">66 cm.</subfield></datafield><datafield ind1=" " ind2=" " tag="310"><subfield code="a">Weekly</subfield></datafield><datafield ind1="1" ind2=" " tag="362"><subfield code="a">Began in Dec. 1860; ceased in 1864?</subfield></datafield><datafield ind1=" " ind2=" " tag="500"><subfield code="a">Publishers: G.M. Joy &amp; J.M. Farwell, &lt;1861&gt;; J.M. Farwell, &lt;1863&gt;.</subfield></datafield><datafield ind1=" " ind2=" " tag="500"><subfield code="a">Editors: G.M. Joy &amp; J.M. Farwell, &lt;1861&gt;; J.M. Farwell, &lt;1863&gt;.</subfield></datafield><datafield ind1=" " ind2=" " tag="588"><subfield code="a">Description based on: Vol. 1, no. 30 (July 13, 1861).</subfield></datafield><datafield ind1="1" ind2=" " tag="700"><subfield code="a">Joy, George Mills.</subfield></datafield><datafield ind1="1" ind2=" " tag="700"><subfield code="a">Farwell, John Maynard,</subfield><subfield code="d">1825-1915.</subfield></datafield><datafield ind1=" " ind2=" " tag="752"><subfield code="a">United States</subfield><subfield code="b">Massachusetts</subfield><subfield code="c">Middlesex</subfield><subfield code="d">Marlborough.</subfield></datafield><datafield ind1="0" ind2="5" tag="780"><subfield code="t">Marlborough mirror</subfield><subfield code="g">1861</subfield><subfield code="w">(DLC)sn 83020553</subfield></datafield><datafield ind1=" " ind2=" " tag="936"><subfield code="a">Aug. 1, 1863</subfield></datafield><datafield ind1="1" ind2=" " tag="029"><subfield code="a">AU@</subfield><subfield code="b">000025793151</subfield></datafield></record>